[gd_scene load_steps=11 format=3 uid="uid://bmprrr0hvkbpc"]

[ext_resource type="Script" path="res://main/main.gd" id="1_e4rm4"]
[ext_resource type="Script" path="res://main/Favorites.gd" id="2_d4roe"]
[ext_resource type="Script" path="res://addons/csd/IconButton.gd" id="4_ffe0v"]
[ext_resource type="Script" path="res://main/VolSlider.gd" id="4_lx6nh"]
[ext_resource type="Script" path="res://main/SpeedSlider.gd" id="4_q0suw"]
[ext_resource type="PackedScene" uid="uid://c7s4wqiolv6hy" path="res://config/window/Preferences.tscn" id="5_wd5dn"]
[ext_resource type="Texture2D" uid="uid://55mvxm185rr3" path="res://themes/pause.svg" id="6_c08d0"]
[ext_resource type="Texture2D" uid="uid://gaqmcibhtfp7" path="res://themes/stop.svg" id="7_pmrlu"]
[ext_resource type="Texture2D" uid="uid://t68giy67ix7d" path="res://themes/restart.svg" id="8_ptpfj"]
[ext_resource type="PackedScene" uid="uid://ckhv7b5141bke" path="res://about/AboutWindow.tscn" id="11_64eqb"]

[node name="main" type="VBoxContainer"]
anchors_preset = 15
anchor_right = 1.0
anchor_bottom = 1.0
grow_horizontal = 2
grow_vertical = 2
size_flags_horizontal = 3
size_flags_vertical = 3
script = ExtResource("1_e4rm4")

[node name="VBoxContainer" type="VBoxContainer" parent="."]
layout_mode = 2
size_flags_vertical = 3

[node name="Favorites" type="Tree" parent="VBoxContainer"]
process_priority = 1
custom_minimum_size = Vector2(0, 32)
layout_mode = 2
size_flags_vertical = 3
focus_neighbor_left = NodePath(".")
focus_neighbor_top = NodePath(".")
focus_neighbor_right = NodePath(".")
focus_neighbor_bottom = NodePath(".")
focus_next = NodePath(".")
focus_previous = NodePath(".")
hide_root = true
scroll_horizontal_enabled = false
script = ExtResource("2_d4roe")

[node name="ContextMenu" type="PopupMenu" parent="VBoxContainer/Favorites"]
size = Vector2i(205, 62)
item_count = 3
item_0/text = "Play"
item_0/id = 0
item_1/text = "Remove from favorites"
item_1/id = 1
item_2/text = "Open in Other App..."
item_2/id = 2

[node name="CategoryEdit" type="PopupPanel" parent="VBoxContainer/Favorites"]
disable_3d = true
title = "Add to category..."
size = Vector2i(111, 104)

[node name="VBoxContainer" type="VBoxContainer" parent="VBoxContainer/Favorites/CategoryEdit"]
offset_left = 4.0
offset_top = 4.0
offset_right = 111.0
offset_bottom = 128.0

[node name="TitleContainer" type="HBoxContainer" parent="VBoxContainer/Favorites/CategoryEdit/VBoxContainer"]
layout_mode = 2

[node name="Icon" type="TextureRect" parent="VBoxContainer/Favorites/CategoryEdit/VBoxContainer/TitleContainer"]
layout_mode = 2

[node name="Label" type="Label" parent="VBoxContainer/Favorites/CategoryEdit/VBoxContainer/TitleContainer"]
layout_mode = 2
text = "Unknown file"

[node name="OptionButton" type="OptionButton" parent="VBoxContainer/Favorites/CategoryEdit/VBoxContainer"]
layout_mode = 2
focus_neighbor_right = NodePath("../HBoxContainer/CancelBtn")
focus_neighbor_bottom = NodePath("../LineEdit")
focus_next = NodePath("../LineEdit")

[node name="LineEdit" type="LineEdit" parent="VBoxContainer/Favorites/CategoryEdit/VBoxContainer"]
layout_mode = 2
focus_neighbor_right = NodePath("../HBoxContainer/CancelBtn")
focus_neighbor_bottom = NodePath("../HBoxContainer/CancelBtn")
focus_next = NodePath("../HBoxContainer/CancelBtn")
focus_previous = NodePath("../OptionButton")

[node name="Control" type="Control" parent="VBoxContainer/Favorites/CategoryEdit/VBoxContainer"]
layout_mode = 2
size_flags_vertical = 3

[node name="HBoxContainer" type="HBoxContainer" parent="VBoxContainer/Favorites/CategoryEdit/VBoxContainer"]
layout_mode = 2
alignment = 2

[node name="CancelBtn" type="Button" parent="VBoxContainer/Favorites/CategoryEdit/VBoxContainer/HBoxContainer" node_paths=PackedStringArray("shortcut_context")]
layout_mode = 2
focus_neighbor_left = NodePath("../../LineEdit")
focus_neighbor_top = NodePath("../../LineEdit")
focus_neighbor_right = NodePath("../OKBtn")
focus_next = NodePath("../OKBtn")
focus_previous = NodePath("../../LineEdit")
shortcut_context = NodePath("../../..")
text = "Cancel"

[node name="OKBtn" type="Button" parent="VBoxContainer/Favorites/CategoryEdit/VBoxContainer/HBoxContainer" node_paths=PackedStringArray("shortcut_context")]
layout_mode = 2
focus_neighbor_left = NodePath("../CancelBtn")
focus_neighbor_top = NodePath("../../LineEdit")
focus_previous = NodePath("../CancelBtn")
shortcut_context = NodePath("../../..")
text = "OK"

[node name="Search" type="PopupPanel" parent="VBoxContainer/Favorites"]
size = Vector2i(208, 39)

[node name="LineEdit" type="LineEdit" parent="VBoxContainer/Favorites/Search"]
custom_minimum_size = Vector2(200, 24)
anchors_preset = 15
anchor_right = 1.0
anchor_bottom = 1.0
offset_left = 4.0
offset_top = 4.0
offset_right = -4.0
offset_bottom = -4.0
grow_horizontal = 2
grow_vertical = 2
placeholder_text = "Search..."

[node name="HBoxContainer" type="HBoxContainer" parent="VBoxContainer"]
layout_mode = 2

[node name="PauseBtn" type="BaseButton" parent="VBoxContainer/HBoxContainer"]
_import_path = NodePath("")
unique_name_in_owner = false
process_mode = 0
process_priority = 0
editor_description = ""
visible = true
modulate = Color(1, 1, 1, 1)
self_modulate = Color(1, 1, 1, 1)
show_behind_parent = false
top_level = false
clip_children = 0
light_mask = 1
visibility_layer = 1
z_index = 0
z_as_relative = true
y_sort_enabled = false
texture_filter = 0
texture_repeat = 0
material = null
use_parent_material = false
clip_contents = false
custom_minimum_size = Vector2(0, 0)
layout_direction = 0
layout_mode = 2
size_flags_horizontal = 1
size_flags_vertical = 1
size_flags_stretch_ratio = 1.0
auto_translate = true
localize_numeral_system = true
tooltip_text = ""
focus_neighbor_left = NodePath("")
focus_neighbor_top = NodePath("")
focus_neighbor_right = NodePath("")
focus_neighbor_bottom = NodePath("")
focus_next = NodePath("")
focus_previous = NodePath("")
focus_mode = 0
mouse_filter = 0
mouse_force_pass_scroll_events = true
mouse_default_cursor_shape = 0
theme = null
theme_type_variation = &""
disabled = true
toggle_mode = false
button_pressed = false
action_mode = 1
button_mask = 1
keep_pressed_outside = false
button_group = null
shortcut = null
shortcut_feedback = true
shortcut_in_tooltip = true
script = ExtResource("4_ffe0v")
icon = ExtResource("6_c08d0")

[node name="BeginningBtn" type="BaseButton" parent="VBoxContainer/HBoxContainer"]
_import_path = NodePath("")
unique_name_in_owner = false
process_mode = 0
process_priority = 0
editor_description = ""
visible = true
modulate = Color(1, 1, 1, 1)
self_modulate = Color(1, 1, 1, 1)
show_behind_parent = false
top_level = false
clip_children = 0
light_mask = 1
visibility_layer = 1
z_index = 0
z_as_relative = true
y_sort_enabled = false
texture_filter = 0
texture_repeat = 0
material = null
use_parent_material = false
clip_contents = false
custom_minimum_size = Vector2(0, 0)
layout_direction = 0
layout_mode = 2
size_flags_horizontal = 1
size_flags_vertical = 1
size_flags_stretch_ratio = 1.0
auto_translate = true
localize_numeral_system = true
tooltip_text = ""
focus_neighbor_left = NodePath("")
focus_neighbor_top = NodePath("")
focus_neighbor_right = NodePath("")
focus_neighbor_bottom = NodePath("")
focus_next = NodePath("")
focus_previous = NodePath("")
focus_mode = 0
mouse_filter = 0
mouse_force_pass_scroll_events = true
mouse_default_cursor_shape = 0
theme = null
theme_type_variation = &""
disabled = true
toggle_mode = false
button_pressed = false
action_mode = 1
button_mask = 1
keep_pressed_outside = false
button_group = null
shortcut = null
shortcut_feedback = true
shortcut_in_tooltip = true
script = ExtResource("4_ffe0v")
icon = ExtResource("8_ptpfj")

[node name="SeekSlider" type="HSlider" parent="VBoxContainer/HBoxContainer"]
layout_mode = 2
size_flags_horizontal = 3
size_flags_vertical = 4
focus_mode = 0
step = 0.0
editable = false

[node name="StopBtn" type="BaseButton" parent="VBoxContainer/HBoxContainer"]
_import_path = NodePath("")
unique_name_in_owner = false
process_mode = 0
process_priority = 0
editor_description = ""
visible = true
modulate = Color(1, 1, 1, 1)
self_modulate = Color(1, 1, 1, 1)
show_behind_parent = false
top_level = false
clip_children = 0
light_mask = 1
visibility_layer = 1
z_index = 0
z_as_relative = true
y_sort_enabled = false
texture_filter = 0
texture_repeat = 0
material = null
use_parent_material = false
clip_contents = false
custom_minimum_size = Vector2(0, 0)
layout_direction = 0
layout_mode = 2
size_flags_horizontal = 1
size_flags_vertical = 1
size_flags_stretch_ratio = 1.0
auto_translate = true
localize_numeral_system = true
tooltip_text = ""
focus_neighbor_left = NodePath("")
focus_neighbor_top = NodePath("")
focus_neighbor_right = NodePath("")
focus_neighbor_bottom = NodePath("")
focus_next = NodePath("")
focus_previous = NodePath("")
focus_mode = 0
mouse_filter = 0
mouse_force_pass_scroll_events = true
mouse_default_cursor_shape = 0
theme = null
theme_type_variation = &""
disabled = true
toggle_mode = false
button_pressed = false
action_mode = 1
button_mask = 1
keep_pressed_outside = false
button_group = null
shortcut = null
shortcut_feedback = true
shortcut_in_tooltip = true
script = ExtResource("4_ffe0v")
icon = ExtResource("7_pmrlu")

[node name="VSeparator" type="VSeparator" parent="VBoxContainer/HBoxContainer"]
layout_mode = 2

[node name="VolDesc" type="Label" parent="VBoxContainer/HBoxContainer"]
layout_mode = 2
text = "Volume"

[node name="VolSlider" type="HSlider" parent="VBoxContainer/HBoxContainer"]
custom_minimum_size = Vector2(100, 0)
layout_mode = 2
size_flags_vertical = 4
focus_mode = 0
value = 100.0
script = ExtResource("4_lx6nh")

[node name="VolLabel" type="Label" parent="VBoxContainer/HBoxContainer"]
layout_mode = 2
text = "100%"

[node name="PanelContainer" type="PanelContainer" parent="VBoxContainer"]
layout_mode = 2
theme_type_variation = &"StatusBar"

[node name="HBoxContainer" type="HBoxContainer" parent="VBoxContainer/PanelContainer"]
layout_mode = 2

[node name="StatusLabel" type="Label" parent="VBoxContainer/PanelContainer/HBoxContainer"]
unique_name_in_owner = true
layout_mode = 2
text = "Stopped"

[node name="Spacer" type="Control" parent="VBoxContainer/PanelContainer/HBoxContainer"]
layout_mode = 2
size_flags_horizontal = 3

[node name="SpeedDesc" type="Label" parent="VBoxContainer/PanelContainer/HBoxContainer"]
layout_mode = 2
text = "Speed"

[node name="SpeedSlider" type="HSlider" parent="VBoxContainer/PanelContainer/HBoxContainer"]
custom_minimum_size = Vector2(100, 0)
layout_mode = 2
size_flags_vertical = 4
focus_mode = 0
min_value = 0.25
max_value = 4.0
step = 0.0
value = 1.0
exp_edit = true
script = ExtResource("4_q0suw")

[node name="SpeedLabel" type="Label" parent="VBoxContainer/PanelContainer/HBoxContainer"]
layout_mode = 2
text = "1.00x"

[node name="PrefsWindow" parent="." instance=ExtResource("5_wd5dn")]
disable_3d = true
visible = false

[node name="AboutWindow" parent="." instance=ExtResource("11_64eqb")]
disable_3d = true

[node name="FileDialog" type="FileDialog" parent="."]
disable_3d = true
size = Vector2i(400, 300)
show_hidden_files = true

[connection signal="button_clicked" from="VBoxContainer/Favorites" to="VBoxContainer/Favorites" method="_on_button_clicked"]
[connection signal="item_activated" from="VBoxContainer/Favorites" to="VBoxContainer/Favorites" method="_on_item_activated"]
[connection signal="item_edited" from="VBoxContainer/Favorites" to="VBoxContainer/Favorites" method="_on_item_edited"]
[connection signal="item_selected" from="VBoxContainer/Favorites" to="." method="_on_favorites_item_selected"]
[connection signal="play" from="VBoxContainer/Favorites" to="." method="_on_favorites_play"]
[connection signal="id_pressed" from="VBoxContainer/Favorites/ContextMenu" to="VBoxContainer/Favorites" method="_on_context_menu_id_pressed"]
[connection signal="item_selected" from="VBoxContainer/Favorites/CategoryEdit/VBoxContainer/OptionButton" to="VBoxContainer/Favorites" method="_on_option_button_item_selected"]
[connection signal="text_submitted" from="VBoxContainer/Favorites/CategoryEdit/VBoxContainer/LineEdit" to="VBoxContainer/Favorites" method="_on_line_edit_text_submitted"]
[connection signal="pressed" from="VBoxContainer/Favorites/CategoryEdit/VBoxContainer/HBoxContainer/CancelBtn" to="VBoxContainer/Favorites" method="_on_cancel_btn_pressed"]
[connection signal="pressed" from="VBoxContainer/Favorites/CategoryEdit/VBoxContainer/HBoxContainer/OKBtn" to="VBoxContainer/Favorites" method="_on_ok_btn_pressed"]
[connection signal="pressed" from="VBoxContainer/HBoxContainer/PauseBtn" to="." method="_on_pause_btn_pressed"]
[connection signal="pressed" from="VBoxContainer/HBoxContainer/BeginningBtn" to="." method="_on_beginning_btn_pressed"]
[connection signal="drag_ended" from="VBoxContainer/HBoxContainer/SeekSlider" to="." method="_on_seek_slider_drag_ended"]
[connection signal="drag_started" from="VBoxContainer/HBoxContainer/SeekSlider" to="." method="_on_seek_slider_drag_started"]
[connection signal="pressed" from="VBoxContainer/HBoxContainer/StopBtn" to="." method="_on_stop_btn_pressed"]
[connection signal="file_selected" from="FileDialog" to="." method="_on_file_dialog_file_selected"]
[connection signal="files_selected" from="FileDialog" to="." method="_on_file_dialog_files_selected"]
